@book{key1,
  author         = {{A. F. Holleman} and {E. Wiberg} and {N. Wiberg}},
  publisher      = {Walter de Gruyter},
  title          = {Lehrbuch der Anorganischen Chemie},
  year           = {1985}
}
@book{key2,
  author         = {H. M. Evjen},
  publisher      = {Physical Review},
  title          = {On the stability of certain heteropolar crystals},
  year           = {1932}
}
@book{key3,
  author         = {{D. Borwein} and {J.M. Borwein} and {K.F. Taylor}},
  publisher      = {Journal of Mathematical Physics},
  title          = {Convergence of lattice sums and madelung's constant},
  year           = {1985}
}
@book{key4,
  author         = {{R. Gross} and {A. Marx}},
  publisher      = {De Gruyter},
  title          = {Festk√∂rperphysik},
  year           = {2014}
}